@article{Wolfram:1983,
  title={Statistical mechanics of cellular automata},
  author={Stephen Wolfram},
  journal={Reviews of Modern Physics},
  year={1983},
  publisher={American Physical Society}
}

@article{S.Coombes:2009,
  title={The Geometry and Pigmentation of Seashells},
  author={Stephen Coombes},
  journal={"University of Nottingham"},
  year={2009},
  publisher={University of Nottingham}
}

@article{M.Gardner:1970,
  title={The fantastic combinations of John Conway's new solitaire game 'life},
  author={Martin Gardner},
  journal={Scientific American},
  year={1970},
  publisher={Scientific American}
}

@article{Grenville_J_Croll:2013,
  title={Bi-Entropy: The Approximate Entropy of a Finite Binary String},
  author={Grenville J. Croll},
  journal={arXiv preprint arXiv:1305.0954},
  year={2013},
  publisher={arXiv}
}

