@article{Grenville_J_Croll:2013,
  title={Bi-Entropy: The Approximate Entropy of a Finite Binary String},
  author={Grenville J. Croll},
  journal={arXiv preprint arXiv:1305.0954},
  year={2013},
  publisher={arXiv}
}


